<record xmlns="http://www.loc.gov/MARC21/slim" xmlns:xsi="http://www.w3.org/2001/XMLSchema-instance" xsi:schemaLocation="http://www.loc.gov/MARC21/slim http://www.loc.gov/standards/marcxml/schema/MARC21slim.xsd"><leader>01524nam a2200337   4500</leader><controlfield tag="001">3074041</controlfield><controlfield tag="003">NNC</controlfield><controlfield tag="006">m        d        </controlfield><controlfield tag="007">cr cn |||m|||a</controlfield><controlfield tag="008">150110s1950    le      o     000 0 ara d</controlfield><datafield ind1=" " ind2=" " tag="040"><subfield code="a">NNU</subfield><subfield code="b">eng</subfield><subfield code="c">NNU</subfield></datafield><datafield ind1="0" ind2=" " tag="041"><subfield code="a">ara</subfield><subfield code="a">eng</subfield></datafield><datafield ind1=" " ind2=" " tag="090"><subfield code="a">PJ6119</subfield><subfield code="b">.V69 1950</subfield></datafield><datafield ind1="0" ind2="2" tag="245"><subfield code="a">A vowelled Arabic reader</subfield><subfield code="h">[electronic resource] :</subfield><subfield code="b">passages in simple Arabic for reading and translation /</subfield><subfield code="c">issued by the Middle East Centre for Arab Studies.</subfield></datafield><datafield ind1=" " ind2=" " tag="260"><subfield code="a">Beirut :</subfield><subfield code="b">American Press,</subfield><subfield code="c">1950.</subfield></datafield><datafield ind1=" " ind2=" " tag="300"><subfield code="a">online resource (46 p.)</subfield></datafield><datafield ind1=" " ind2=" " tag="500"><subfield code="a">Part of the Arabic Collections Online (ACO) project, contributed by Columbia University Libraries.</subfield></datafield><datafield ind1=" " ind2=" " tag="533"><subfield code="a">Electronic reproduction.</subfield><subfield code="b">New York, N.Y. :</subfield><subfield code="c">New York University,</subfield><subfield code="d">2015.</subfield><subfield code="5">NNU</subfield></datafield><datafield ind1=" " ind2=" " tag="546"><subfield code="a">In Arabic with English preface and title page.</subfield></datafield><datafield ind1=" " ind2=" " tag="500"><subfield code="a">Title from added t.p.</subfield></datafield><datafield ind1=" " ind2="0" tag="650"><subfield code="a">Arabic language</subfield><subfield code="v">Readers.</subfield></datafield><datafield ind1=" " ind2="7" tag="650"><subfield code="a">Arabic language.</subfield><subfield code="2">fast</subfield><subfield code="0">(OCoLC)fst00812287</subfield></datafield><datafield ind1=" " ind2="7" tag="655"><subfield code="a">Readers.</subfield><subfield code="2">fast</subfield><subfield code="0">(OCoLC)fst01423896</subfield></datafield><datafield ind1="2" ind2=" " tag="710"><subfield code="6">880-01</subfield><subfield code="a">Ma&#699;had al-Sharq al-Awsat&#803; lil-Dira&#772;sa&#772;t al-&#699;Arabi&#772;yah (Lebanon)</subfield></datafield><datafield ind1="2" ind2=" " tag="710"><subfield code="a">Columbia University.</subfield><subfield code="b">Libraries.</subfield></datafield><datafield ind1="0" ind2=" " tag="730"><subfield code="a">Arabic Collections Online.</subfield></datafield><datafield ind1="0" ind2="8" tag="776"><subfield code="i">Print version:</subfield><subfield code="t">A vowelled Arabic reader</subfield><subfield code="w">(NNC)3074041</subfield><subfield code="w">(OCoLC)43983445</subfield></datafield><datafield ind1="4" ind2="0" tag="856"><subfield code="u">http://hdl.handle.net/2333.1/mkkwh8vd</subfield></datafield><datafield ind1="2" ind2=" " tag="880"><subfield code="6">710-01</subfield><subfield code="a">&#1605;&#1593;&#1607;&#1583; &#1575;&#1604;&#1588;&#1585;&#1602; &#1575;&#1604;&#1575;&#1608;&#1587;&#1591; &#1604;&#1604;&#1583;&#1585;&#1575;&#1587;&#1575;&#1578; &#1575;&#1604;&#1593;&#1585;&#1576;&#1610;&#1577; (&#1604;&#1576;&#1606;&#1575;&#1606;)</subfield></datafield><datafield ind1=" " ind2=" " tag="959"><subfield code="a">NNU</subfield><subfield code="b">WEB</subfield><subfield code="c">GENI</subfield><subfield code="t">0</subfield><subfield code="m">Electronic access</subfield><subfield code="s">01</subfield></datafield><datafield ind1=" " ind2=" " tag="999"><subfield code="i">NNC_3074041</subfield><subfield code="o">(OCoLC)43983445</subfield><subfield code="e">OK</subfield></datafield></record>